@article{boyd2011distributed,
  title={Distributed optimization and statistical learning via the alternating direction method of multipliers},
  author={Boyd, Stephen and Parikh, Neal and Chu, Eric and Peleato, Borja and Eckstein, Jonathan},
  journal={Foundations and Trends{\textregistered} in Machine Learning},
  volume={3},
  number={1},
  pages={1--122},
  year={2011},
  publisher={Now Publishers Inc.},
  note = {\url{http://stanford.edu/~boyd/papers/pdf/admm_distr_stats.pdf}}
}

@book{boyd2004convex,
  title={Convex optimization},
  author={Boyd, Stephen and Vandenberghe, Lieven},
  year={2004},
  publisher={Cambridge university press},
  note = {\url{http://stanford.edu/~boyd/cvxbook/bv_cvxbook.pdf}}
}

@book{barrett1994templates,
  title={Templates for the solution of linear systems: building blocks for iterative methods},
  author={Barrett, Richard and Berry, Michael W and Chan, Tony F and Demmel, James and Donato, June and Dongarra, Jack and Eijkhout, Victor and Pozo, Roldan and Romine, Charles and Van der Vorst, Henk},
  volume={43},
  year={1994},
  publisher={Siam},
  note = {\url{http://www.netlib.org/templates/templates.pdf}}
}

@article{trevor2001elements,
  title={The elements of statistical learning: data mining, inference and prediction},
  author={Trevor, Hastie and Robert, Tibshirani and Jerome, Friedman},
  journal={New York: Springer-Verlag},
  volume={1},
  number={8},
  pages={371--406},
  year={2001},
  note = {\url{http://statweb.stanford.edu/~tibs/ElemStatLearn/}}
}